<record><leader>00000cas a22000007a 4500</leader><controlfield tag="001">34736126</controlfield><controlfield tag="008">960515d185u1868tnuwr ne      0    0eng d</controlfield><datafield ind1=" " ind2=" " tag="010"><subfield code="a">sn 96091005 </subfield></datafield><datafield ind1=" " ind2=" " tag="040"><subfield code="a">TGN</subfield><subfield code="b">eng</subfield><subfield code="c">TGN</subfield><subfield code="d">OCL</subfield><subfield code="d">TGN</subfield><subfield code="d">OCLCQ</subfield><subfield code="d">OCLCF</subfield><subfield code="d">OCLCO</subfield></datafield><datafield ind1="1" ind2=" " tag="029"><subfield code="a">AU@</subfield><subfield code="b">000012501013</subfield></datafield><datafield ind1=" " ind2=" " tag="042"><subfield code="a">msc</subfield></datafield><datafield ind1=" " ind2=" " tag="043"><subfield code="a">n-us-tn</subfield></datafield><datafield ind1="0" ind2="0" tag="245"><subfield code="a">Nashville weekly gazette.</subfield></datafield><datafield ind1="1" ind2="3" tag="246"><subfield code="a">Weekly gazette</subfield></datafield><datafield ind1=" " ind2=" " tag="260"><subfield code="a">Nashville, Tenn. :</subfield><subfield code="b">James T. Bell &amp; Co.</subfield></datafield><datafield ind1=" " ind2=" " tag="300"><subfield code="a">v.</subfield></datafield><datafield ind1=" " ind2=" " tag="310"><subfield code="a">Weekly</subfield></datafield><datafield ind1="1" ind2=" " tag="362"><subfield code="a">Ceased in Aug. 1868.</subfield></datafield><datafield ind1=" " ind2=" " tag="500"><subfield code="a">Issue for Jan. 7, 1858 is misdated 1857 on masthead.</subfield></datafield><datafield ind1=" " ind2=" " tag="515"><subfield code="a">Suspended Apr. 1862-Mar. 1864.</subfield></datafield><datafield ind1=" " ind2=" " tag="580"><subfield code="a">Merged with: Weekly union and dispatch (Nashville, Tenn. : 1844), to form: Nashville union and American (Nashville, Tenn. : 1868.</subfield></datafield><datafield ind1=" " ind2=" " tag="588"><subfield code="a">Description based on: Vol. 8, no. 10 (Jan. 7, 185[8]).</subfield></datafield><datafield ind1=" " ind2="0" tag="651"><subfield code="a">Nashville (Tenn.)</subfield><subfield code="v">Newspapers.</subfield></datafield><datafield ind1=" " ind2="0" tag="651"><subfield code="a">Davidson County (Tenn.)</subfield><subfield code="v">Newspapers.</subfield></datafield><datafield ind1=" " ind2="7" tag="655"><subfield code="a">Newspapers.</subfield><subfield code="2">fast</subfield><subfield code="0">(OCoLC)fst01423814</subfield></datafield><datafield ind1=" " ind2="7" tag="651"><subfield code="a">Tennessee</subfield><subfield code="z">Davidson County.</subfield><subfield code="2">fast</subfield><subfield code="0">(OCoLC)fst01205346</subfield></datafield><datafield ind1=" " ind2="7" tag="651"><subfield code="a">Tennessee</subfield><subfield code="z">Nashville.</subfield><subfield code="2">fast</subfield><subfield code="0">(OCoLC)fst01204195</subfield></datafield><datafield ind1=" " ind2=" " tag="752"><subfield code="a">United States</subfield><subfield code="b">Tennessee</subfield><subfield code="c">Davidson</subfield><subfield code="d">Nashville.</subfield></datafield><datafield ind1="0" ind2=" " tag="775"><subfield code="t">Nashville daily gazette (Nashville, Tenn. : 1856)</subfield><subfield code="w">(DLC)sn 96091004</subfield></datafield><datafield ind1="0" ind2="0" tag="780"><subfield code="t">Nashville gazette (Nashville, Tenn. : 1844)</subfield><subfield code="w">(DLC)sn 83025958</subfield></datafield><datafield ind1="1" ind2="7" tag="785"><subfield code="t">Weekly union and dispatch (Nashville, Tenn. : 1844)</subfield><subfield code="w">(DLC)sn 96091006</subfield></datafield><datafield ind1="1" ind2="7" tag="785"><subfield code="t">Nashville union and American (Nashville, Tenn. : 1868 : Weekly)</subfield><subfield code="w">(DLC)sn 85033701</subfield></datafield></record>